@Comment -*- bibtex-maintain-sorted-entries: 'entry-class -*-

@article{CV2NV15,
  author = {Orchard, Garrick and Jayawant, Ajinkya and Cohen, Gregory K. and Thakor, Nitish},
  title = {Converting Static Image Datasets to Spiking Neuromorphic Datasets Using Saccades},
  journal = {Frontiers in Neuroscience},
  volume = 9,
  pages = 437,
  year = 2015,
  url = {http://journal.frontiersin.org/article/10.3389/fnins.2015.00437},
  doi = {10.3389/fnins.2015.00437},
  issn = {1662-453X}
}

@article{DeepLearning16,
  author = {{Jayasuriya}, S. and {Gallo}, O. and {Gu}, J. and {Kautz}, J. },
  title = "{Deep Learning with Energy-efficient Binary Gradient Cameras}",
  journal = {ArXiv e-prints},
  archivePrefix = "arXiv",
  eprint = {1612.00986},
  primaryClass = "cs.CV",
  keywords = {Computer Science - Computer Vision and Pattern Recognition},
  year = 2016,
  month = dec,
  adsurl = {http://adsabs.harvard.edu/abs/2016arXiv161200986J},
  adsnote = {Provided by the SAO/NASA Astrophysics Data System}
}

@article{EVO16,
  author = {H. Rebecq, T. Horstschafer, G. Gallego and D. Scaramuzza},
  journal = {IEEE Robotics and Automation Letters},
  title = {EVO: A Geometric Approach to Event-based 6-DOF Parallel Tracking and Mapping in Real-time},
  year = 2016,
  volume = {PP},
  number = 99,
  keywords = {Cameras;Real-time systems;Robot vision systems;Standards;Three-dimensional displays;Tracking;Localization;Mapping;SLAM},
  doi = {10.1109/LRA.2016.2645143},
  ISSN = {2377-3766}
}

@article{Hu16,
  author = {Hu, Yuhuang and Liu, Hongjie and Pfeiffer, Michael and Delbruck, Tobi},
  title = {DVS Benchmark Datasets for Object Tracking, Action Recognition, and Object Recognition},
  journal = {Frontiers in Neuroscience},
  volume = 10,
  pages = 405,
  year = 2016,
  url = {http://journal.frontiersin.org/article/10.3389/fnins.2016.00405},
  doi = {10.3389/fnins.2016.00405},
  issn = {1662-453X}
}

@inproceedings{Molchanov16,
  title = {Online detection and classification of dynamic hand gestures with recurrent 3d convolutional neural network},
  author = {Molchanov, Pavlo and Yang, Xiaodong and Gupta, Shalini and Kim, Kihwan and Tyree, Stephen and Kautz, Jan},
  booktitle = {Proceedings of the IEEE Conference on Computer Vision and Pattern Recognition},
  pages = {4207--4215},
  year = 2016
}

@article{MuegglerRGDS16,
  author = {Elias Mueggler, Henri Rebecq, Guillermo Gallego, Tobi Delbr{\"{u}}ck and Davide Scaramuzza},
  title = {The Event-Camera Dataset and Simulator: Event-based Data for Pose Estimation, Visual Odometry, and {SLAM}},
  journal = {CoRR},
  volume = {abs/1610.08336},
  year = 2016,
  url = {http://arxiv.org/abs/1610.08336},
  timestamp = {Wed, 02 Nov 2016 09:51:26 +0100},
  biburl = {http://dblp.uni-trier.de/rec/bib/journals/corr/MuegglerRGDS16},
  bibsource = {dblp computer science bibliography, http://dblp.org}
}

@article{Optflow16,
  author = {Rueckauer, Bodo and Delbruck, Tobi},
  title = {Evaluation of Event-Based Algorithms for Optical Flow with Ground-Truth from Inertial Measurement Sensor},
  journal = {Frontiers in Neuroscience},
  volume = 10,
  pages = 176,
  year = 2016,
  url = {http://journal.frontiersin.org/article/10.3389/fnins.2016.00176},
  doi = {10.3389/fnins.2016.00176},
  issn = {1662-453X}
}

@article{SpikeBench16,
  author = {Liu, Qian and Pineda-Garc√≠a, Garibaldi and Stromatias, Evangelos and Serrano-Gotarredona, Teresa and Furber, Steve B.},
  title = {Benchmarking Spike-Based Visual Recognition: A Dataset and Evaluation},
  journal = {Frontiers in Neuroscience},
  volume = 10,
  pages = 496,
  year = 2016,
  url = {http://journal.frontiersin.org/article/10.3389/fnins.2016.00496},
  doi = {10.3389/fnins.2016.00496},
  issn = {1662-453X}
}

@article{Tan15,
  author = {Cheston Tan and Stephane Lallee and Garrick Orchard},
  title = {Benchmarking neuromorphic vision: lessons learnt from computer vision},
  journal = {Frontiers in Neuroscience},
  volume = 9,
  pages = 374,
  year = 2015,
  url = {http://journal.frontiersin.org/article/10.3389/fnins.2015.00374},
  doi = {10.3389/fnins.2015.00374},
  issn = {1662-453X}
}

@article{Visnav16,
  author = {Barranco, Francisco and Fermuller, Cornelia and Aloimonos, Yiannis and Delbruck, Tobi},
  title = {A Dataset for Visual Navigation with Neuromorphic Methods},
  journal = {Frontiers in Neuroscience},
  volume = 10,
  pages = 49,
  year = 2016,
  url = {http://journal.frontiersin.org/article/10.3389/fnins.2016.00049},
  doi = {10.3389/fnins.2016.00049},
  issn = {1662-453X}
}

@inproceedings{Molchanov2015hand,
  title={Hand gesture recognition with 3D convolutional neural networks},
  author={Molchanov, Pavlo and Gupta, Shalini and Kim, Kihwan and Kautz, Jan},
  booktitle={Proceedings of the IEEE conference on computer vision and pattern recognition workshops},
  pages={1--7},
  year={2015}
}
